%%
%% Bibliographie/Literatur 
%%   --> die Bibtex-Eintraege sind einfach aus MATHSCINET (oder Zentralblatt)
%%       (http://www.ams.org/mathscinet/search.html) kopiert
%%


@book {stillwell-2005, 
    AUTHOR = {Stillwell, John},
     TITLE = {The four pillars of geometry},
    SERIES = {Undergraduate Texts in Mathematics},
 PUBLISHER = {Springer},
   ADDRESS = {New York},
      YEAR = {2005},
     PAGES = {xii+227},
      ISBN = {978-0387-25530-9; 0-387-25530-3},
   MRCLASS = {51-01 (51-02)},
  MRNUMBER = {2163427 (2006e:51001)},
MRREVIEWER = {R. J. Bumcrot},
}





@preamble{
   "\def\cprime{$'$} "
}
@book{hartshorne-2000,
    AUTHOR = {Hartshorne, Robin},
     TITLE = {Geometry: {E}uclid and beyond},
    SERIES = {Undergraduate Texts in Mathematics},
 PUBLISHER = {Springer-Verlag},
   ADDRESS = {New York},
      YEAR = {2000},
     PAGES = {xii+526},
      ISBN = {0-387-98650-2},
   MRCLASS = {51-01 (01A20 01A55 51-02)},
  MRNUMBER = {1761093 (2001h:51001)},
MRREVIEWER = {Serguey M. Pokas{\cprime}},
}




@book{af-2011,
author="Agricola, Ilka and Friedrich, Thomas",
title="{Elementargeometrie. Fachwissen f\"ur Studium und
    Mathematikunterricht. 3. Auflage}",
publisher="{Vieweg+Teubner}",
year="2011",
abstract="{In dem Vorwort zu dieser 3. Auflage des Buches ``Elementary
    geometry'' von {\it I. Agricola} und {\it Th. Friedrich} verweisen die
    Autoren besonders auf die Nutzung der Internetseite des Buches, auf der man
    Zusatzmaterial bestellen bzw. herunterladen kann (z.B. Begleitheft f\"ur
    Dozenten, pdf-Dateien von Ornamentgruppen).
 
 Ein ausf\"uhrliches Review
    \"uber Inhalt und Nutzung des Buches hat {\it Richard B\"odi} zur 2. Auflage
    2009 in Zbl 1153.51007 gegeben.}",
keywords="{elementary geometry; symmetry; hyperbolic geometry; spherical
    geometry; isometry; polyhedra}",
classmath="{*51M04 (Elementary problems in Euclidean geometries)
51N20 (Euclidean analytic geometry)
51M09 (Elementary problems in hyperbolic and elliptic geometries)
51-01 (Textbooks (geometry))
51M05 (Euclidean geometries (general) and generalizations)
97G80 ( )
97-01 (Textbooks (Mathematics education))
}",
}



@book{mg-2009,
author="{M\"uller-Philipp, Susanne and Gorski, Hans-Joachim}",
title="{Leitfaden Geometrie. F\"ur Studierende der Lehr\"amter. 4. \"uberarbeitete und erweiterte Auflage.}",
publisher="{Vieweg}",
year="2009",
abstract="{Zielgruppe des Buches sind Studierende des Lehramts Mathematik mit
    Studienziel Primarstufe und Sekundarstufe I, ihre Dozenten sowie
    Mathematiklehrerinnen und -lehrer. \par Das Buch beginnt mit einem Kapitel
    zur elementaren Topologie (Kapitel 1), in dessen Zentrum Fragen der
    Graphentheorie stehen. Dabei wird auf einige ``prominente" mathematische
    Probleme, wie das K\"onigsberger Br\"uckenproblem und den Vierfarbensatz,
    eingegangen. Es folgt ein (kurzes) zweites Kapitel zu Polyedern. Das Buch
    hat somit einen f\"ur Geometrieb\"ucher f\"ur die Lehramtsausbildung
    ungew\"ohnlichen Aufbau, dennoch sind die Kapitel 1 und 2 sehr
    empfehlenswert. Die Autoren weisen jedoch darauf hin, dass diese beiden
    Kapitel \"ubersprungen werden k\"onnen, da die folgenden Kapitel nicht
    darauf aufbauen. \par Kapitel 3 gibt einen Einblick in einen axiomatischen
    Aufbau der Geometrie. Das Kapitel ist sehr knapp gehalten, sodass nur zu den
    Inzidenzaxiomen etwas n\"ahere Ausf\"uhrungen m\"oglich sind und die
    weiteren Abschnitte nur dazu dienen, Begriffe der Anordnung und Messung zu
    fundieren. Ein vollst\"andiger axiomatischer Aufbau wird nicht betrieben.
    Die Autoren weisen darauf hin, dass die folgenden Kapitel auch ohne die in
    Kapitel 3 behandelten axiomatischen Grundlagen verst\"andlich sind und
    tragen somit der Tatsache Rechnung, dass die Meinungen dazu, inwiefern in
    der Lehramtsausbildung Axiomatik thematisiert werden sollte, geteilt sind.
    \par Den weitaus gr\"o{\ss}ten Raum nimmt das Kapitel 4
    ``Abbildungsgeometrie" ein. Die Kongruenzabbildungen werden sehr anschaulich
    und anhand vieler Beispiele eingef\"uhrt und es wird herausgearbeitet, dass
    die Menge aller Kongruenzabbildungen der Ebene eine Gruppe bildet. Auf
    dieser Grundlage wird dann die Kongruenz geometrischer Abbildungen
    eingef\"uhrt. Erg\"anzt wird das Kapitel um Deckabbildungsgruppen,
    \"Ahnlichkeitsabbildungen und affine Abbildungen. Allerdings wird dabei auf
    die f\"ur die Zielgruppe stark relevante \"Ahnlichkeitslehre nur sehr kurz
    eingegangen, Bez\"uge dazu finden sich auch im weiteren Verlauf des Buches
    nur vereinzelt. \par Gegenstand von Kapitel 5 sind geometrische
    Konstruktionen, es wird sowohl auf grundlegende Prinzipien als auch auf die
    wichtigsten Grundkonstruktionen eingegangen. Aus Platzgr\"unden kann dieses
    Kapitel aber nur einen allerersten Einblick in geometrische Konstruktionen
    geben. \par Das Kapitel 6 ``Fragestellungen der euklidischen Geometrie"
    behandelt einige besonders interessante -- und dabei auch schulrelevante --
    Themengebiete der Geometrie (besondere Linien und Punkte im Dreieck, S\"atze
    am Kreis, Satzgruppe des Pythagoras). In der 2008 erschienenen vierten
    Auflage wurde zudem ein Abschnitt zum Goldenen Schnitt eingef\"ugt. \par Den
    Abschluss des Buches bildet ein sehr kurzer Einblick in die darstellende
    Geometrie (Kapitel 7). \par F\"ur folgende Auflagen w\"aren u.a. eine
    st\"arkere Ber\"ucksichtigung der \"Ahnlichkeitslehre sowie alternative
    Zug\"ange zur Kongruenz w\"unschenswert -- letzteres insbesondere, da der
    ``euklidische" Zugang (ohne Abbildungen) in j\"ungerer Zeit wieder zunehmend
    die Vorgehensweise in Schulb\"uchern beeinflusst und abbildungsgeometrische
    Vorgehensweisen somit im Bereich der Schule im Verlauf der vergangenen 2-3
    Jahrzehnte stark an Bedeutung verloren haben.}",
reviewer="{A. F. Filler (Heidelberg)}",
keywords="{teacher education; tutorial paper of geometry; elementary geometry;
    elementary Euclidean geometry; transformation geometry}",
classmath="{*00A35 (Methodology of mathematics, didactics)
51-01 (Textbooks (geometry))
51M04 (Elementary problems in Euclidean geometries)
}",
}



@book {euklid,
    AUTHOR = {Euklid},
     TITLE = {Die {E}lemente},
    SERIES = {Bibliothek Klassischer Texte.},
      NOTE = {Buch I--XIII.,
              based on Heiberg's text,
              Translated from the Greek and edited by Clemens Thaer},
 PUBLISHER = {Wissenschaftliche Buchgesellschaft},
   ADDRESS = {Darmstadt},
      YEAR = {1991},
     PAGES = {vi+479},
      ISBN = {3-534-01488-X},
   MRCLASS = {01A20 (01A75)},
  MRNUMBER = {1220703 (94b:01009)},
}
		

@book {hilbert,
    AUTHOR = {Hilbert, David},
     TITLE = {Grundlagen der {G}eometrie},
    SERIES = {Teubner-Archiv zur Mathematik. Supplement},
    VOLUME = {6},
   EDITION = {Fourteenth},
      NOTE = {With supplementary material by Paul Bernays,
              With contributions by Michael Toepell, Hubert Kiechle,
              Alexander Kreuzer and Heinrich Wefelscheid,
              Edited and with appendices by Toepell},
 PUBLISHER = {B. G. Teubner Verlagsgesellschaft mbH},
   ADDRESS = {Stuttgart},
      YEAR = {1999},
     PAGES = {xxiv+408},
      ISBN = {3-519-00237-X},
   MRCLASS = {01A75 (01A55 01A60 51-01)},
  MRNUMBER = {1732507 (2000j:01120)},
}



@book {SS-2005,
    AUTHOR = {Scriba, C. J. and Schreiber, P.},
     TITLE = {5000 {J}ahre {G}eometrie},
    SERIES = {Vom Z\"ahlstein zum Computer.},
   EDITION = {Second},
      NOTE = {Geschichte, Kulturen, Menschen.},
 PUBLISHER = {Springer-Verlag},
   ADDRESS = {Berlin},
      YEAR = {2005},
     PAGES = {xiii+629},
      ISBN = {3-540-22471-8},
   MRCLASS = {01A05 (51-03)},
  MRNUMBER = {2530916},
}



@book {coxeter-1969,
    AUTHOR = {Coxeter, H. S. M.},
     TITLE = {Introduction to {G}eometry},
    SERIES = {Wiley Classics Library},
      NOTE = {Reprint of the 1969 edition},
 PUBLISHER = {John Wiley \& Sons Inc.},
   ADDRESS = {New York},
      YEAR = {1989},
     PAGES = {xxii+469},
      ISBN = {0-471-50458-0},
   MRCLASS = {51-01 (53-01)},
  MRNUMBER = {990644 (90a:51001)},
}